@online{noauthor_uci_nodate,
	title = {{UCI} Machine Learning Repository: Arrhythmia Data Set},
	url = {http://archive.ics.uci.edu/ml/datasets/Arrhythmia},
	urldate = {2020-12-01},
	file = {UCI Machine Learning Repository\: Arrhythmia Data Set:/home/moritz/Zotero/storage/6BTRGA7F/Arrhythmia.html:text/html}
}

% A

@inproceedings{aggarwal2015outlier,
  title={Outlier analysis},
  author={Aggarwal, Charu C},
  booktitle={Data mining},
  pages={237--263},
  year={2015},
  organization={Springer}
}

@article{ali2019timecluster,
  title={Time{C}luster: dimension reduction applied to temporal data for visual analytics},
  author={Ali, Mohammed and Jones, Mark W and Xie, Xianghua and Williams, Mark},
  journal={The Visual Computer},
  volume={35},
  number={6},
  pages={1013--1026},
  year={2019},
  publisher={Springer}
}

@article{arribas2014shape,
  title={Shape outlier detection and visualization for functional data: the outliergram},
  author={Arribas-Gil, Ana and Romo, Juan},
  journal={Biostatistics},
  volume={15},
  number={4},
  pages={603--619},
  year={2014},
  publisher={Oxford University Press}
}


@article{arribas2015discussion,
  title={Discussion of “{M}ultivariate functional outlier detection”},
  author={Arribas-Gil, Ana and Romo, Juan},
  journal={Statistical Methods \& Applications},
  volume={24},
  number={2},
  pages={263--267},
  year={2015},
  publisher={Springer}
}

@article{azcorra2018unsupervised,
  title={Unsupervised scalable statistical method for identifying influential users in online social networks},
  author={Azcorra, Arturo and Chiroque, Luis F and Cuevas, Rub{\'e}n and Anta, A Fern{\'a}ndez and Laniado, Henry and Lillo, Rosa Elvira and Romo, Juan and Sguera, Carlo},
  journal={Scientific reports},
  volume={8},
  number={1},
  pages={1--7},
  year={2018},
  publisher={Nature Publishing Group}
}

% B

@article{bagnall2017great,
  title={The great time series classification bake off: a review and experimental evaluation of recent algorithmic advances},
  author={Bagnall, Anthony and Lines, Jason and Bostrom, Aaron and Large, James and Keogh, Eamonn},
  journal={Data mining and knowledge discovery},
  volume={31},
  number={3},
  pages={606--660},
  year={2017},
  publisher={Springer}
}


@article{becht2019dimensionality,
  title={Dimensionality reduction for visualizing single-cell data using UMAP},
  author={Becht, Etienne and McInnes, Leland and Healy, John and Dutertre, Charles-Antoine and Kwok, Immanuel WH and Ng, Lai Guan and Ginhoux, Florent and Newell, Evan W},
  journal={Nature biotechnology},
  volume={37},
  number={1},
  pages={38--44},
  year={2019},
  publisher={Nature Publishing Group}
}

@InProceedings{beggel_AAE,
author="Beggel, Laura
and Pfeiffer, Michael
and Bischl, Bernd",
editor="Brefeld, Ulf
and Fromont, Elisa
and Hotho, Andreas
and Knobbe, Arno
and Maathuis, Marloes
and Robardet, C{\'e}line",
title="Robust Anomaly Detection in Images Using Adversarial Autoencoders",
booktitle="Machine Learning and Knowledge Discovery in Databases",
year="2020",
publisher="Springer International Publishing",
address="Cham",
pages="206--222",
isbn="978-3-030-46150-8"
}



@article{belkin2003laplacian,
  title={Laplacian eigenmaps for dimensionality reduction and data representation},
  author={Belkin, Mikhail and Niyogi, Partha},
  journal={Neural computation},
  volume={15},
  number={6},
  pages={1373--1396},
  year={2003},
  publisher={MIT Press}
}

@article{bengio2014representation,
  title={Representation learning: A review and new perspectives},
  author={Bengio, Yoshua and Courville, Aaron and Vincent, Pascal},
  journal={IEEE transactions on pattern analysis and machine intelligence},
  volume={35},
  number={8},
  pages={1798--1828},
  year={2013},
  publisher={IEEE}
}

@inproceedings{beyer1999nearest,
  title={When is “nearest neighbor” meaningful?},
  author={Beyer, Kevin and Goldstein, Jonathan and Ramakrishnan, Raghu and Shaft, Uri},
  booktitle={International conference on database theory},
  pages={217--235},
  year={1999},
  organization={Springer}
}

@inproceedings{brandes2006eigensolver,
  title={Eigensolver methods for progressive multidimensional scaling of large data},
  author={Brandes, Ulrik and Pich, Christian},
  booktitle={International {S}ymposium on {G}raph {D}rawing},
  pages={42--53},
  year={2006},
  organization={Springer}
}

@inproceedings{breunig2000lof,
  title={{LOF}: identifying density-based local outliers},
  author={Breunig, Markus M and Kriegel, Hans-Peter and Ng, Raymond T and Sander, J{\"o}rg},
  booktitle={Proceedings of the 2000 ACM SIGMOD international conference on Management of data},
  pages={93--104},
  year={2000}
}

% C

@techreport{cayton2005algorithms,
	title = {Algorithms for manifold learning},
	institution={Univ. of California at San Diego Tech. Rep},
    volume={12},
    number={1-17},
	author = {Cayton, Lawrence},
	year = {2005}
}

@article{chen2009local,
  title={Local multidimensional scaling for nonlinear dimension reduction, graph drawing, and proximity analysis},
  author={Chen, Lisha and Buja, Andreas},
  journal={Journal of the American Statistical Association},
  volume={104},
  number={485},
  pages={209--219},
  year={2009},
  publisher={Taylor \& Francis}
}

@article{chen2012nonlinear,
  title={Nonlinear manifold representations for functional data},
  author={Chen, Dong and M{\"u}ller, Hans-Georg},
  journal={The Annals of Statistics},
  volume={40},
  number={1},
  pages={1--29},
  year={2012},
  publisher={Institute of Mathematical Statistics}
}

@inproceedings{clemenccon2013scoring,
  title={Scoring anomalies: a {M}-estimation formulation},
  author={Cl{\'e}men{\c{c}}on, St{\'e}phan and Jakubowicz, J{\'e}r{\'e}mie},
  booktitle={Artificial Intelligence and Statistics},
  pages={659--667},
  year={2013},
  organization={PMLR}
}

@article{coifman2006diffusion,
	series = {Special {Issue}: {Diffusion} {Maps} and {Wavelets}},
	title = {Diffusion maps},
	volume = {21},
	abstract = {In this paper, we provide a framework based upon diffusion processes for finding meaningful geometric descriptions of data sets. We show that eigenfunctions of Markov matrices can be used to construct coordinates called diffusion maps that generate efficient representations of complex geometric structures. The associated family of diffusion distances, obtained by iterating the Markov matrix, defines multiscale geometries that prove to be useful in the context of data parametrization and dimensionality reduction. The proposed framework relates the spectral properties of Markov processes to their geometric counterparts and it unifies ideas arising in a variety of contexts such as machine learning, spectral graph theory and eigenmap methods.},
	number = {1},
	urldate = {2020-03-23},
	journal = {Applied and Computational Harmonic Analysis},
	author = {Coifman, Ronald R. and Lafon, Stéphane},
	year = {2006},
	keywords = {Diffusion metric, Diffusion processes, Dimensionality reduction, Eigenmaps, Graph Laplacian, Manifold learning},
	pages = {5--30}
}

@article{coil20,
  title={Columbia Object Image Library: COIL-20},
  author={Nane, SA and Nayar, SK and Murase, H},
  journal={Dept. Comp. Sci., Columbia University, New York, Tech. Rep},
  year={1996}
}

@incollection{cox2008multidimensional,
  title={Multidimensional scaling},
  author={Cox, Michael AA and Cox, Trevor F},
  booktitle={Handbook of data visualization},
  pages={315--347},
  year={2008},
  publisher={Springer}
}

@article{cuevas2014partial,
  title={A partial overview of the theory of statistics with functional data},
  author={Cuevas, Antonio},
  journal={Journal of Statistical Planning and Inference},
  volume={147},
  pages={1--23},
  year={2014},
  publisher={Elsevier}
}


% D

@article{dai2018multivariate,
  title={Multivariate functional data visualization and outlier detection},
  author={Dai, Wenlin and Genton, Marc G},
  journal={Journal of Computational and Graphical Statistics},
  volume={27},
  number={4},
  pages={923--934},
  year={2018},
  publisher={Taylor \& Francis}
}


@article{dai2019directional,
  title={Directional outlyingness for multivariate functional data},
  author={Dai, Wenlin and Genton, Marc G},
  journal={Computational Statistics \& Data Analysis},
  volume={131},
  pages={50--65},
  year={2019},
  publisher={Elsevier}
}

@article{dai2020functional,
  title={Functional outlier detection and taxonomy by sequential transformations},
  author={Dai, Wenlin and Mrkvi{\v{c}}ka, Tom{\'a}{\v{s}} and Sun, Ying and Genton, Marc G},
  journal={Computational Statistics \& Data Analysis},
  volume={149},
  pages={106960},
  year={2020},
  publisher={Elsevier}
}

@article{dau2019ucr,
  title={The {UCR} time series archive},
  author={Dau, Hoang Anh and Bagnall, Anthony and Kamgar, Kaveh and Yeh, Chin-Chia Michael and Zhu, Yan and Gharghabi, Shaghayegh and Ratanamahatana, Chotirat Ann and Keogh, Eamonn},
  journal={IEEE/CAA Journal of Automatica Sinica},
  volume={6},
  number={6},
  pages={1293--1305},
  year={2019},
  publisher={IEEE}
}

@inproceedings{de2002global,
  title={Global versus local methods in nonlinear dimensionality reduction.},
  author={De Silva, Vin and Tenenbaum, Joshua B},
  booktitle={NIPS},
  volume={15},
  pages={705--712},
  year={2002}
}


@article{dimeglio2014robust,
  title={A robust algorithm for template curve estimation based on manifold embedding},
  author={Dimeglio, Chlo{\'e} and Gall{\'o}n, Santiago and Loubes, Jean-Michel and Maza, Elie},
  journal={Computational Statistics \& Data Analysis},
  volume={70},
  pages={373--386},
  year={2014},
  publisher={Elsevier}
}


% F

@Manual{fds,
    title = {fds: Functional Data Sets},
    author = {Han Lin Shang and Rob J Hyndman},
    year = {2018},
    note = {{R} package version 1.8},
    url = {https://CRAN.R-project.org/package=fds},
  }

@article{febrero2012fdausc,
    title = {Statistical Computing in Functional Data Analysis: The {R} Package {fda.usc}},
    author = {Manuel Febrero-Bande and Manuel {Oviedo de la Fuente}},
    journal = {Journal of Statistical Software},
    year = {2012},
    volume = {51},
    number = {4},
    pages = {1--28}
  }

@book{ferraty2006nonparametric,
  title={Nonparametric functional data analysis: theory and practice},
  author={Ferraty, Fr{\'e}d{\'e}ric and Vieu, Philippe},
  year={2006},
  publisher={Springer Science \& Business Media}
}

@article{fuchs2015nearest,
  title={Nearest neighbor ensembles for functional data with interpretable feature selection},
  author={Fuchs, Karen and Gertheiss, Jan and Tutz, Gerhard},
  journal={Chemometrics and Intelligent Laboratory Systems},
  volume={146},
  pages={186--197},
  year={2015},
  publisher={Elsevier}
}

@article{fritsch2012detecting,
  title={Detecting outliers in high-dimensional neuroimaging datasets with robust covariance estimators},
  author={Fritsch, Virgile and Varoquaux, Ga{\"e}l and Thyreau, Benjamin and Poline, Jean-Baptiste and Thirion, Bertrand},
  journal={Medical image analysis},
  volume={16},
  number={7},
  pages={1359--1370},
  year={2012},
  publisher={Elsevier}
}

% G

@article{gangbo2019unnormalized,
  title={Unnormalized optimal transport},
  author={Gangbo, Wilfrid and Li, Wuchen and Osher, Stanley and Puthawala, Michael},
  journal={Journal of Computational Physics},
  volume={399},
  pages={108940},
  year={2019},
  publisher={Elsevier}
}


@article{goldberger2000physiobank,
  title={Physio{B}ank, {P}hysio{T}oolkit, and {P}hysio{N}et: components of a new research resource for complex physiologic signals},
  author={Goldberger, Ary L and Amaral, Luis AN and Glass, Leon and Hausdorff, Jeffrey M and Ivanov, Plamen Ch and Mark, Roger G and Mietus, Joseph E and Moody, George B and Peng, Chung-Kang and Stanley, H Eugene},
  journal={Circulation},
  volume={101},
  number={23},
  pages={e215--e220},
  year={2000},
  publisher={Am Heart Assoc}
}

@article{goldstein2016comparative,
  title={A comparative evaluation of unsupervised anomaly detection algorithms for multivariate data},
  author={Goldstein, Markus and Uchida, Seiichi},
  journal={PloS one},
  volume={11},
  number={4},
  pages={e0152173},
  year={2016},
  publisher={Public Library of Science San Francisco, CA USA}
}

% H

@article{happ2019general,
	title = {A general framework for multivariate functional principal component analysis of amplitude and phase variation},
	volume = {8},
	copyright = {© 2019 John Wiley \& Sons, Ltd.},
	language = {en},
	number = {1},
	urldate = {2020-03-24},
	journal = {Stat},
	author = {Happ, Clara and Scheipl, Fabian and Gabriel, Alice-Agnes and Greven, Sonja},
	year = {2019},
	keywords = {Bayes Hilbert space, Fréchet variance, functional data analysis, registration, seismology, transformation of warping functions},
	pages = {e220}
}

@article{harris2020elastic,
  title={Elastic depths for detecting shape anomalies in functional data},
  author={Harris, Trevor and Tucker, J Derek and Li, Bo and Shand, Lyndsay},
  journal={Technometrics},
  pages={1--11},
  year={2020},
  publisher={Taylor \& Francis}
}

@inproceedings{hernandez2106kernel,
	location = {Cham},
	title = {Kernel {D}epth {M}easures for {F}unctional {D}ata with {A}pplication to {O}utlier {D}etection},
	isbn = {978-3-319-44781-0},
	series = {Lecture Notes in Computer Science},
	pages = {235--242},
	booktitle = {Artificial Neural Networks and Machine Learning – {ICANN} 2016},
	publisher = {Springer, Cham},
	author = {Hernández, Nicolás and Muñoz, Alberto},
	editor = {Villa, Alessandro E.P. and Masulli, Paolo and Pons Rivero, Antonio Javier},
	date = {2016},
	langid = {english},
	keywords = {Functional data analysis, Kernel depth, Outlier detection, Reproducing Kernel Hilbert Spaces},
	file = {Springer Full Text PDF:/home/moritz/Zotero/storage/TASYLMCY/Hernández and Muñoz - 2016 - Kernel Depth Measures for Functional Data with App.pdf:application/pdf}
}

@article{herrmann2020unsupervised,
  title={Unsupervised Functional Data Analysis via Nonlinear Dimension Reduction},
  author={Herrmann, Moritz and Scheipl, Fabian},
  journal={https://arxiv.org/abs/2012.11987},
  year={2020}
}

@article{holland1998use,
  title={Use of Fourier transform infrared spectroscopy and partial least squares regression for the detection of adulteration of strawberry purees},
  author={Holland, JK and Kemsley, EK and Wilson, RH},
  journal={Journal of the Science of Food and Agriculture},
  volume={76},
  number={2},
  pages={263--269},
  year={1998},
  publisher={Wiley Online Library}
}

@article{huang2019decomposition,
  title={A decomposition of total variation depth for understanding functional outliers},
  author={Huang, Huang and Sun, Ying},
  journal={Technometrics},
  volume={61},
  number={4},
  pages={445--458},
  year={2019},
  publisher={Taylor \& Francis}
}

@article{hubert2015multivariate,
  title={Multivariate functional outlier detection},
  author={Hubert, Mia and Rousseeuw, Peter J and Segaert, Pieter},
  journal={Statistical Methods \& Applications},
  volume={24},
  number={2},
  pages={177--202},
  year={2015},
  publisher={Springer}
}

@article{hyndman2010rainbow,
  title={Rainbow plots, bagplots, and boxplots for functional data},
  author={Hyndman, Rob J and Shang, Han Lin},
  journal={{J}ournal of {C}omputational and {G}raphical {S}tatistics},
  volume={19},
  number={1},
  pages={29--45},
  year={2010},
  publisher={Taylor \& Francis}
}

% I

@article{ingram2008glimmer,
  title={Glimmer: {M}ultilevel {MDS} on the {GPU}},
  author={Ingram, Stephen and Munzner, Tamara and Olano, Marc},
  journal={{IEEE} {T}ransactions on {V}isualization and {C}omputer {G}raphics},
  volume={15},
  number={2},
  pages={249--261},
  year={2008},
  publisher={IEEE}
}


%L

@article{lejeune2020shape,
  title={Shape-based outlier detection in multivariate functional data},
  author={Lejeune, Cl{\'e}ment and Mothe, Josiane and Soubki, Adil and Teste, Olivier},
  journal={Knowledge-Based Systems},
  volume={198},
  pages={105960},
  year={2020},
  publisher={Elsevier}
}

% K

@article{kalivas1997two,
  title={Two data sets of near infrared spectra},
  author={Kalivas, John H},
  journal={Chemometrics and Intelligent Laboratory Systems},
  volume={37},
  number={2},
  pages={255--259},
  year={1997},
  publisher={Elsevier}
}

@article{kandanaarachchi2020dimension,
  title={Dimension reduction for outlier detection using {DOBIN}},
  author={Kandanaarachchi, Sevvandi and Hyndman, Rob J},
  journal={Journal of Computational and Graphical Statistics},
  pages={1--16},
  year={2020},
  publisher={Taylor \& Francis}
}

@article{kneip2008combining,
	title = {Combining {Registration} and {Fitting} for {Functional} {Models}},
	volume = {103},
	language = {en},
	number = {483},
	urldate = {2020-03-04},
	journal = {Journal of the American Statistical Association},
	author = {Kneip, Alois and Ramsay, James O},
	year = {2008},
	pages = {1155--1165}
}

@article{kobak2019art,
  title={The art of using t-{SNE} for single-cell transcriptomics},
  author={Kobak, Dmitry and Berens, Philipp},
  journal={Nature communications},
  volume={10},
  number={1},
  pages={1--14},
  year={2019},
  publisher={Nature Publishing Group}
}

@article{kobak2021initialization,
  title={Initialization is critical for preserving global data structure in both t-SNE and UMAP},
  author={Kobak, Dmitry and Linderman, George C},
  journal={Nature Biotechnology},
  pages={1--2},
  year={2021},
  publisher={Nature Publishing Group}
}

% L

@book{lee2007nonlinear,
	title = {Nonlinear {Dimensionality} {Reduction}},
	publisher = {Springer Science \& Business Media},
	author = {Lee, John A. and Verleysen, Michel},
	year = {2007},
}

@article{lee2009quality,
  title={Quality assessment of dimensionality reduction: Rank-based criteria},
  author={Lee, John A and Verleysen, Michel},
  journal={Neurocomputing},
  volume={72},
  number={7-9},
  pages={1431--1443},
  year={2009},
  publisher={Elsevier}
}

@article{lemire2009faster,
  title={Faster retrieval with a two-pass dynamic-time-warping lower bound},
  author={Lemire, Daniel},
  journal={Pattern recognition},
  volume={42},
  number={9},
  pages={2169--2180},
  year={2009},
  publisher={Elsevier}
}


@article{liang2020new,
  title={A new method for performance analysis in nonlinear dimensionality reduction},
  author={Liang, Jiaxi and Chenouri, Shojaeddin and Small, Christopher G},
  journal={Statistical Analysis and Data Mining: The ASA Data Science Journal},
  volume={13},
  number={1},
  pages={98--108},
  year={2020},
  publisher={Wiley Online Library}
}

@inproceedings{liu2008isolation,
  title={Isolation forest},
  author={Liu, Fei Tony and Ting, Kai Ming and Zhou, Zhi-Hua},
  booktitle={2008 eighth ieee international conference on data mining},
  pages={413--422},
  year={2008},
  organization={IEEE}
}

% M

@book{ma2011manifold,
  title={Manifold learning theory and applications},
  author={Ma, Yunqian and Fu, Yun},
  year={2011},
  publisher={CRC press}
}

@article{maaten2008visualizing,
	title = {Visualizing data using t-{SNE}},
	volume = {9},
	issn = {ISSN 1533-7928},
	urldate = {2020-03-23},
	journal = {Journal of Machine Learning Research},
	author = {Maaten, Laurens van der and Hinton, Geoffrey},
	year = {2008},
	pages = {2579--2605}
}

@book{malkowsky2019advanced,
  title={Advanced functional analysis},
  author={Malkowsky, Eberhard and Rako{\v{c}}evi{\'c}, Vladimir},
  year={2019},
  publisher={CRC Press}
}

@article{marron2014statistics,
	title = {Statistics of time warpings and phase variations},
	volume = {8},
	issn = {1935-7524},
	language = {EN},
	number = {2},
	urldate = {2020-03-04},
	journal = {Electronic Journal of Statistics},
	author = {Marron, J. S. and Ramsay, James O. and Sangalli, Laura M. and Srivastava, Anuj},
	year = {2014},
	mrnumber = {MR3273584},
	zmnumber = {1305.62015},
	keywords = {Functional data analysis, phase and amplitude variation, registration, warping},
	pages = {1697--1702}
}

@article{marron2015functional,
	title = {Functional {Data} {Analysis} of {Amplitude} and {Phase} {Variation}},
	volume = {30},
	language = {EN},
	number = {4},
	urldate = {2020-03-04},
	journal = {Statistical Science},
	author = {Marron, J. S. and Ramsay, James O. and Sangalli, Laura M. and Srivastava, Anuj},
	year = {2015},
	mrnumber = {MR3432837},
	zmnumber = {06946198},
	keywords = {Fisher–Rao metric, Functional data analysis, alignment, dynamic time warping, elastic metric, registration, warping},
	pages = {468--484}
}

@misc{matuk2019registration,
    title={Bayesian Framework for Simultaneous Registration and Estimation of Noisy, Sparse and Fragmented Functional Data},
    author={James Matuk and Karthik Bharath and Oksana Chkrebtii and Sebastian Kurtek},
    year={2019},
    eprint={1912.05125},
    archivePrefix={arXiv},
    primaryClass={stat.AP}
}

@article{mcinnes2020umap,
	title = {{UMAP}: {Uniform} {Manifold} {Approximation} and {Projection} for {Dimension} {Reduction}},
	journal = {https://arxiv.org/abs/1802.03426},
	author = {McInnes, Leland and Healy, John and Melville, James},
	year = {2020}
}

@article{mead1992review,
  title={Review of the development of multidimensional scaling methods},
  author={Mead, Al},
  journal={Journal of the Royal Statistical Society: Series D (The Statistician)},
  volume={41},
  number={1},
  pages={27--39},
  year={1992},
  publisher={Wiley Online Library}
}

@inproceedings{munoz2004one,
  title={One-class support vector machines and density estimation: The precise relation},
  author={Muñoz, Alberto and Moguerza, Javier M},
  booktitle={Iberoamerican Congress on Pattern Recognition},
  pages={216--223},
  year={2004},
  organization={Springer}
}

% N
@article{narayan2021assessing,
  title={Assessing single-cell transcriptomic variability through density-preserving data visualization},
  author={Narayan, Ashwin and Berger, Bonnie and Cho, Hyunghoon},
  journal={Nature Biotechnology},
  volume={39},
  number={6},
  pages={765--774},
  year={2021},
  publisher={Nature Publishing Group}
}


% O

@article{ojo2021outlier,
  title={Outlier {D}etection for {F}unctional {D}ata with {R} {P}ackage fdaoutlier},
  author={Ojo, Oluwasegun and Lillo, Rosa E and Anta, Antonio Fern{\'a}ndez},
  journal = {https://arxiv.org/abs/2105.05213},
  year={2021}
}

@book{olszewski2001generalized,
  title={Generalized feature extraction for structural pattern recognition in time-series data},
  author={Olszewski, Robert Thomas},
  year={2001},
  publisher={Carnegie Mellon University}
}

@Manual{fdaoutlier,
    title = {fdaoutlier: Outlier Detection Tools for Functional Data Analysis},
    author = {Oluwasegun Taiwo Ojo and Rosa Elvira Lillo and Antonio {Fernandez Anta}},
    year = {2021},
    note = {{R} package version 0.2.0},
    url = {https://CRAN.R-project.org/package=fdaoutlier},
  }

% P

@article{pestov2000geometry,
  title={On the geometry of similarity search: Dimensionality curse and concentration of measure},
  author={Pestov, V},
  journal={Information Processing Letters},
  volume={73},
  number={1-2},
  pages={47--51},
  year={2000}
}

@article{petersen2019frechet,
    author = "Petersen, Alexander and Müller, Hans-Georg",
    journal = "The Annals of Statistics",
    journal = "Ann. Statist.",
    number = "2",
    pages = "691--719",
    publisher = "The Institute of Mathematical Statistics",
    title = "Fréchet regression for random objects with {E}uclidean predictors",
    volume = "47",
    year = "2019"
}

@article{pfisterer2019benchmarking,
	title = {Benchmarking time series classification -- {functional} data vs machine learning approaches},
	urldate = {2020-03-04},
	journal = {arXiv:1911.07511},
	author = {Pfisterer, Florian and Beggel, Laura and Sun, Xudong and Scheipl, Fabian and Bischl, Bernd},
	year = {2019},
	url = {https://arxiv.org/abs/1911.07511},
	keywords = {Computer Science - Machine Learning, Statistics - Machine Learning}
}

@article{polonik1997minimum,
  title={Minimum volume sets and generalized quantile processes},
  author={Polonik, Wolfgang},
  journal={Stochastic processes and their applications},
  volume={69},
  number={1},
  pages={1--24},
  year={1997},
  publisher={Elsevier}
}

@article{prastawa2004brain,
  title={A brain tumor segmentation framework based on outlier detection},
  author={Prastawa, Marcel and Bullitt, Elizabeth and Ho, Sean and Gerig, Guido},
  journal={Medical image analysis},
  volume={8},
  number={3},
  pages={275--283},
  year={2004},
  publisher={Elsevier}
}

% R

@inproceedings{rakthanmanon2012searching,
  title={Searching and mining trillions of time series subsequences under dynamic time warping},
  author={Rakthanmanon, Thanawin and Campana, Bilson and Mueen, Abdullah and Batista, Gustavo and Westover, Brandon and Zhu, Qiang and Zakaria, Jesin and Keogh, Eamonn},
  booktitle={Proceedings of the 18th ACM SIGKDD international Conference on Knowledge Discovery and Data Mining},
  pages={262--270},
  year={2012}
}

@book{ramsay2005functional,
	address = {New York},
	edition = {2nd ed},
	series = {Springer series in statistics},
	title = {Functional data analysis},
	isbn = {978-0-387-40080-8},
	language = {en},
	publisher = {Springer},
	author = {Ramsay, J. O. and Silverman, B. W.},
	year = {2005},
	keywords = {Multivariate analysis}
}

@article{rebbapragada2009finding,
  title={Finding anomalous periodic time series},
  author={Rebbapragada, Umaa and Protopapas, Pavlos and Brodley, Carla E and Alcock, Charles},
  journal={Machine learning},
  volume={74},
  number={3},
  pages={281--313},
  year={2009},
  publisher={Springer}
}

@article{roahd,
    title = {{\texttt{roahd} Package: Robust Analysis of High Dimensional Data}},
    author = {Francesca Ieva and Anna Maria Paganoni and Juan Romo and Nicholas Tarabelloni},
    journal = {{The R Journal}},
    year = {2019},
    volume = {11},
    number = {2},
    pages = {291--307},
    url = {https://doi.org/10.32614/RJ-2019-032},
  }

@book{rousseeuw2005robust,
  title={Robust regression and outlier detection},
  author={Rousseeuw, Peter J and Leroy, Annick M},
  volume={589},
  year={2005},
  publisher={John Wiley \& Sons}
}

@article{rousseeuw2018measure,
  title={A measure of directional outlyingness with applications to image data and video},
  author={Rousseeuw, Peter J and Raymaekers, Jakob and Hubert, Mia},
  journal={Journal of Computational and Graphical Statistics},
  volume={27},
  number={2},
  pages={345--359},
  year={2018},
  publisher={Taylor \& Francis}
}

@article{roweis2000nonlinear,
  title={Nonlinear dimensionality reduction by locally linear embedding},
  author={Roweis, Sam T and Saul, Lawrence K},
  journal={Science},
  volume={290},
  number={5500},
  pages={2323--2326},
  year={2000},
  publisher={American Association for the Advancement of Science}
}

% S

@article{sangalli2010kmeans,
  title={K-mean alignment for curve clustering},
  author={Sangalli, Laura M and Secchi, Piercesare and Vantini, Simone and Vitelli, Valeria},
  journal={Computational Statistics \& Data Analysis},
  volume={54},
  number={5},
  pages={1219--1233},
  year={2010},
  publisher={Elsevier}
}

@article{sawant2012fpca,
	title={Functional outlier detection with robust functional principal component analysis},
  author={Sawant, Pallavi and Billor, Nedret and Shin, Hyejin},
  journal={Computational Statistics},
  volume={27},
  number={1},
  pages={83--102},
  year={2012},
  publisher={Springer}
}

@article{scott2006learning,
  title={Learning minimum volume sets},
  author={Scott, Clayton D and Nowak, Robert D},
  journal={The Journal of Machine Learning Research},
  volume={7},
  pages={665--704},
  year={2006},
  publisher={JMLR. org}
}

@article{schubert2014local,
  title={Local outlier detection reconsidered: a generalized view on locality with applications to spatial, video, and network outlier detection},
  author={Schubert, Erich and Zimek, Arthur and Kriegel, Hans-Peter},
  journal={Data mining and knowledge discovery},
  volume={28},
  number={1},
  pages={190--237},
  year={2014},
  publisher={Springer}
}

@article{sguera2016functional,
	title = {Functional outlier detection by a local depth with application to {NOx} levels},
	author={Sguera, Carlo and Galeano, Pedro and Lillo, Rosa E},
  journal={Stochastic environmental research and risk assessment},
  volume={30},
  number={4},
  pages={1115--1130},
  year={2016},
  publisher={Springer}
}

@article{smets2019evaluation,
  title={Evaluation of distance metrics and spatial autocorrelation in uniform manifold approximation and projection applied to mass spectrometry imaging data},
  author={Smets, Tina and Verbeeck, Nico and Claesen, Marc and Asperger, Arndt and Griffioen, Gerard and Tousseyn, Thomas and Waelput, Wim and Waelkens, Etienne and De Moor, Bart},
  journal={Analytical chemistry},
  volume={91},
  number={9},
  pages={5706--5714},
  year={2019},
  publisher={ACS Publications}
}

@article{srivastava2011registration,
	title = {Registration of {Functional} {Data} {Using} {Fisher}-{Rao} {Metric}},
	url = {http://arxiv.org/abs/1103.3817},
	urldate = {2020-03-04},
	journal = {arXiv:1103.3817},
	author = {Srivastava, Anuj and Wu, Wei and Kurtek, Sebastian and Klassen, Eric and Marron, J. S.},
	year = {2011},
	keywords = {Mathematics - Statistics Theory, Statistics - Applications, Statistics - Methodology}
}

@inproceedings{staerman2019functional,
  title={Functional isolation forest},
  author={Staerman, Guillaume and Mozharovskyi, Pavlo and Cl{\'e}men{\c{c}}on, Stephan and d’Alch{\'e}-Buc, Florence},
  booktitle={Asian Conference on Machine Learning},
  pages={332--347},
  year={2019},
  organization={PMLR}
}

% T

@article{tax2004support,
  title={Support vector data description},
  author={Tax, David MJ and Duin, Robert PW},
  journal={Machine learning},
  volume={54},
  number={1},
  pages={45--66},
  year={2004},
  publisher={Springer}
}

@article{tenenbaum2000global,
	title = {A {Global} {Geometric} {Framework} for {Nonlinear} {Dimensionality} {Reduction}},
	volume = {290},
	language = {en},
	number = {5500},
	urldate = {2020-03-23},
	journal = {Science},
	author = {Tenenbaum, Joshua B. and Silva, Vin de and Langford, John C.},
	year = {2000},
	pmid = {11125149},
	pages = {2319--2323}
}

@inproceedings{thomas2016learning,
  title={Learning {H}yperparameters for {U}nsupervised {A}nomaly {D}etection.},
  author={Thomas, Albert and Feuillard, Vincent and Gramfort, Alexandre and Cl{\'e}men{\c{c}}on, St{\'e}phan},
  booktitle={ICML, Anomaly Detection Workshop},
  year={2016}
}

% U

@article{unwin2019multivariate,
  title={Multivariate outliers and the {O}3 plot},
  author={Unwin, Antony},
  journal={Journal of Computational and Graphical Statistics},
  volume={28},
  number={3},
  pages={635--643},
  year={2019},
  publisher={Taylor \& Francis}
}

% V

@article{van2008visualizing,
  title={Visualizing data using t-{SNE}.},
  author={Van der Maaten, Laurens and Hinton, Geoffrey},
  journal={Journal of machine learning research},
  volume={9},
  number={11},
  pages={2579--2605},
  year={2008}
}


@article{vinue2020robust,
  title={Robust archetypoids for anomaly detection in big functional data},
  author={Vinue, Guillermo and Epifanio, Irene},
  journal={Advances in Data Analysis and Classification},
  pages={1--26},
  year={2020},
  publisher={Springer}
}

@misc{vitelli2019jointcluster,
    title={A novel framework for joint sparse clustering and alignment of functional data},
    author={Valeria Vitelli},
    year={2019},
    eprint={1912.00687},
    archivePrefix={arXiv},
    primaryClass={stat.ME}
}

% W

@article{wang2016fdareview,
author = {Wang, Jane-Ling and Chiou, Jeng-Min and Müller, Hans-Georg},
title = {Functional Data Analysis},
journal = {Annual Review of Statistics and Its Application},
volume = {3},
number = {1},
pages = {257-295},
year = {2016}
}

@article{wasserman2018topological,
  title={Topological data analysis},
  author={Wasserman, Larry},
  journal={Annual Review of Statistics and Its Application},
  volume={5},
  pages={501--532},
  year={2018},
  publisher={Annual Reviews}
}

% X

@article{xie2017geometric,
  title={A {G}eometric {A}pproach to {V}isualization of {V}ariability in {F}unctional data},
  author={Xie, Weiyi and Kurtek, Sebastian and Bharath, Karthik and Sun, Ying},
  journal={Journal of the American Statistical Association},
  volume={112},
  number={519},
  pages={979--993},
  year={2017},
  publisher={Taylor \& Francis}
}

% Y

@inproceedings{ye2009time,
  title={Time series shapelets: a new primitive for data mining},
  author={Ye, Lexiang and Keogh, Eamonn},
  booktitle={Proceedings of the 15th ACM SIGKDD International Conference on Knowledge Discovery and Data Mining},
  pages={947--956},
  year={2009}
}

% Z

@inproceedings{zhang2006anomaly,
  title={Anomaly based network intrusion detection with unsupervised outlier detection},
  author={Zhang, Jiong and Zulkernine, Mohammad},
  booktitle={2006 IEEE International Conference on Communications},
  volume={5},
  pages={2388--2393},
  year={2006},
  organization={IEEE}
}

@article{zimek2012survey,
  title={A survey on unsupervised outlier detection in high-dimensional numerical data},
  author={Zimek, Arthur and Schubert, Erich and Kriegel, Hans-Peter},
  journal={Statistical Analysis and Data Mining: The ASA Data Science Journal},
  volume={5},
  number={5},
  pages={363--387},
  year={2012},
  publisher={Wiley Online Library}
}

@article{zimek2018there,
  title={There and back again: Outlier detection between statistical reasoning and data mining algorithms},
  author={Zimek, Arthur and Filzmoser, Peter},
  journal={Wiley Interdisciplinary Reviews: Data Mining and Knowledge Discovery},
  volume={8},
  number={6},
  pages={e1280},
  year={2018},
  publisher={Wiley Online Library}
}

